
@article{guo_photonic_2004,
	title = {Photonic band gap analysis using finite-difference frequency-domain method},
	volume = {12},
	issn = {1094-4087},
	url = {https://www.osapublishing.org/oe/abstract.cfm?uri=oe-12-8-1741},
	doi = {10.1364/OPEX.12.001741},
	language = {en},
	number = {8},
	urldate = {2021-01-26},
	journal = {Opt. Express},
	author = {Guo, Shangping and Wu, Feng and Albin, Sacharia and Rogowski, Robert S.},
	year = {2004},
	pages = {1741},
	file = {Guo et al_2004_Photonic band gap analysis using finite-difference frequency-domain method.pdf:/home/tgg/Dropbox/zotero_attachments/Guo et al_2004_Photonic band gap analysis using finite-difference frequency-domain method.pdf:application/pdf;Full Text:/home/tgg/Zotero/storage/3ITIQ6GY/Guo et al. - 2004 - Photonic band gap analysis using finite-difference.pdf:application/pdf},
}

@article{shaobin_fdtd_2006,
	title = {{FDTD} simulation for magnetized plasma photonic crystals},
	volume = {55},
	issn = {ISSN 1000-3290},
	url = {http://inis.iaea.org/Search/search.aspx?orig_q=RN:38061886},
	language = {Chinese},
	number = {3},
	urldate = {2021-01-26},
	journal = {Acta Physica Sinica},
	author = {Shaobin, Liu and Changqing, Gu and Jianjiang, Zhou and Naichang, Yuan},
	year = {2006},
	pages = {1283--1288},
	file = {Snapshot:/home/tgg/Zotero/storage/8FAYGRFZ/search.html:text/html},
}

@article{hanif_fdfd_2011,
	title = {{FDFD} and {FDTD} analysis of 2-{Dimensional} lossy photonic crystals},
	volume = {8},
	issn = {1349-2543},
	url = {http://joi.jlc.jst.go.jp/JST.JSTAGE/elex/8.695?from=CrossRef},
	doi = {10.1587/elex.8.695},
	language = {en},
	number = {9},
	urldate = {2021-01-26},
	journal = {IEICE Electron. Express},
	author = {Hanif, Amin Gul and Uno, Toru and Arima, Takuji},
	year = {2011},
	pages = {695--698},
	file = {Hanif et al_2011_FDFD and FDTD analysis of 2-Dimensional lossy photonic crystals.pdf:/home/tgg/Dropbox/zotero_attachments/Hanif et al_2011_FDFD and FDTD analysis of 2-Dimensional lossy photonic crystals.pdf:application/pdf;Full Text:/home/tgg/Zotero/storage/BDA96YX8/Hanif et al. - 2011 - FDFD and FDTD analysis of 2-Dimensional lossy phot.pdf:application/pdf},
}

@article{kuang_finite-difference_2007,
	title = {Finite-{Difference} {Time} {Domain} {Method} for {Nonorthogonal} {Unit}-{Cell} {Two}-{Dimensional} {Photonic} {Crystals}},
	volume = {25},
	issn = {0733-8724},
	url = {http://ieeexplore.ieee.org/document/4298991/},
	doi = {10.1109/JLT.2007.903827},
	number = {9},
	urldate = {2021-02-16},
	journal = {J. Lightwave Technol.},
	author = {Kuang, Wan and Kim, Woo Jun and O'Brien, John D.},
	month = sep,
	year = {2007},
	pages = {2612--2617},
	file = {Kuang et al_2007_Finite-Difference Time Domain Method for Nonorthogonal Unit-Cell.pdf:/home/tgg/Dropbox/zotero_attachments/Kuang et al_2007_Finite-Difference Time Domain Method for Nonorthogonal Unit-Cell.pdf:application/pdf;Full Text:/home/tgg/Zotero/storage/6ACA8YY9/Kuang et al. - 2007 - Finite-Difference Time Domain Method for Nonorthog.pdf:application/pdf},
}

@book{sukhoivanov_photonic_2009,
	address = {Heidelberg ; New York},
	series = {Springer series in optical sciences},
	title = {Photonic crystals: physics and practical modeling},
	isbn = {978-3-642-02645-4},
	shorttitle = {Photonic crystals},
	number = {152},
	publisher = {Springer},
	author = {Sukhoivanov, Igor A. and Guryev, Igor V.},
	year = {2009},
	note = {OCLC: ocn428028982},
	keywords = {Mathematical models, Mathematisches Modell, Photonic crystals, Photonischer Kristall},
	file = {Sukhoivanov_Guryev_2009_Photonic crystals.pdf:/home/tgg/Dropbox/zotero_attachments/Sukhoivanov_Guryev_2009_Photonic crystals.pdf:application/pdf},
}

@book{joannopoulos_photonic_2008,
	address = {Princeton},
	edition = {2nd ed},
	title = {Photonic crystals: molding the flow of light},
	isbn = {978-0-691-12456-8},
	shorttitle = {Photonic crystals},
	publisher = {Princeton University Press},
	editor = {Joannopoulos, J. D.},
	year = {2008},
	note = {OCLC: ocn180190957},
	keywords = {Crystal optics, Photons},
	file = {Joannopoulos_2008_Photonic crystals.pdf:/home/tgg/Dropbox/zotero_attachments/Joannopoulos_2008_Photonic crystals.pdf:application/pdf},
}

@book{taflove_advances_2013,
	address = {Boston},
	series = {Artech {House} antennas and propagation series},
	title = {Advances in {FDTD} computational electrodynamics: photonics and nanotechnology},
	isbn = {978-1-60807-170-8},
	shorttitle = {Advances in {FDTD} computational electrodynamics},
	publisher = {Artech House},
	editor = {Taflove, Allen and Oskooi, Ardavan and Johnson, Steven G.},
	year = {2013},
	note = {OCLC: ocn811964793},
	keywords = {Mathematical models, Photonics, Maxwell equations, Nanophotonics, Numerical solutions},
	file = {Taflove et al_2013_Advances in FDTD computational electrodynamics.pdf:/home/tgg/Dropbox/zotero_attachments/Taflove et al_2013_Advances in FDTD computational electrodynamics.pdf:application/pdf},
}

@book{taflove_computational_2005,
	address = {Boston},
	edition = {3rd ed},
	series = {Artech {House} antennas and propagation library},
	title = {Computational electrodynamics: the finite-difference time-domain method},
	isbn = {978-1-58053-832-9},
	shorttitle = {Computational electrodynamics},
	publisher = {Artech House},
	author = {Taflove, Allen and Hagness, Susan C.},
	year = {2005},
	keywords = {Electromagnetism, Maxwell equations, Numerical solutions, Data processing, Integro-differential equations, Moments method (Statistics)},
	file = {Taflove_Hagness_2005_Computational electrodynamics.pdf:/home/tgg/Dropbox/zotero_attachments/Taflove_Hagness_2005_Computational electrodynamics.pdf:application/pdf},
}

@article{makinen_improved_2002,
	title = {An improved thin-wire model for {FDTD}},
	volume = {50},
	issn = {00189480},
	url = {http://ieeexplore.ieee.org/document/999136/},
	doi = {10.1109/22.999136},
	number = {5},
	urldate = {2021-02-23},
	journal = {IEEE Trans. Microwave Theory Techn.},
	author = {Makinen, R.M. and Juntunen, J.S. and Kivikoski, M.A.},
	month = may,
	year = {2002},
	pages = {1245--1255},
}

@article{makinen_improved_2002-1,
	title = {An improved thin-wire model for {FDTD}},
	volume = {50},
	issn = {00189480},
	url = {http://ieeexplore.ieee.org/document/999136/},
	doi = {10.1109/22.999136},
	number = {5},
	urldate = {2021-02-23},
	journal = {IEEE Trans. Microwave Theory Techn.},
	author = {Makinen, R.M. and Juntunen, J.S. and Kivikoski, M.A.},
	month = may,
	year = {2002},
	pages = {1245--1255},
}

@incollection{sukhoivanov_band_2009,
	address = {Berlin, Heidelberg},
	title = {Band {Structure} {Computation} of {2D} and {3D} {Photonic} {Crystals}},
	volume = {152},
	isbn = {978-3-642-02645-4 978-3-642-02646-1},
	url = {http://link.springer.com/10.1007/978-3-642-02646-1_5},
	urldate = {2021-02-24},
	booktitle = {Photonic {Crystals}},
	publisher = {Springer Berlin Heidelberg},
	author = {Sukhoivanov, Igor A. and Guryev, Igor V.},
	collaborator = {Sukhoivanov, Igor A. and Guryev, Igor V.},
	year = {2009},
	doi = {10.1007/978-3-642-02646-1_5},
	note = {Series Title: Springer Series in Optical Sciences},
	pages = {67--101},
}

@article{lin_complete_2001,
	title = {Complete three-dimensional photonic bandgap in a simple cubic structure},
	volume = {18},
	issn = {0740-3224, 1520-8540},
	url = {https://www.osapublishing.org/abstract.cfm?URI=josab-18-1-32},
	doi = {10.1364/JOSAB.18.000032},
	language = {en},
	number = {1},
	urldate = {2021-02-26},
	journal = {J. Opt. Soc. Am. B},
	author = {Lin, Shawn-Yu and Fleming, J. G. and Lin, Robin and Sigalas, M. M. and Biswas, R. and Ho, K. M.},
	month = jan,
	year = {2001},
	pages = {32},
	file = {Lin et al_2001_Complete three-dimensional photonic bandgap in a simple cubic structure.pdf:/home/tgg/Dropbox/zotero_attachments/Lin et al_2001_Complete three-dimensional photonic bandgap in a simple cubic structure.pdf:application/pdf},
}

@article{lin_complete_2001-1,
	title = {Complete {Three}-{Dimensional} {Photonic} {Bandgap} in a {Simple} {Cubic} {Structure}},
	volume = {18},
	issn = {0740-3224, 1520-8540},
	url = {https://www.osapublishing.org/abstract.cfm?URI=josab-18-1-32},
	doi = {10.1364/JOSAB.18.000032},
	language = {en},
	number = {1},
	urldate = {2021-03-01},
	journal = {J. Opt. Soc. Am. B},
	author = {Lin, Shawn-Yu and Fleming, J. G. and Lin, Robin and Sigalas, M. M. and Biswas, R. and Ho, K. M.},
	month = jan,
	year = {2001},
	pages = {32},
	file = {Lin et al_2001_Complete three-dimensional photonic bandgap in a simple cubic structure.pdf:/home/tgg/Dropbox/zotero_attachments/Lin et al_2001_Complete three-dimensional photonic bandgap in a simple cubic structure2.pdf:application/pdf},
}

@article{johnson_block-iterative_2001,
	title = {Block-iterative frequency-domain methods for {Maxwell}'s equations in a planewave basis},
	volume = {8},
	issn = {1094-4087},
	url = {https://www.osapublishing.org/oe/abstract.cfm?uri=oe-8-3-173},
	doi = {10.1364/OE.8.000173},
	language = {en},
	number = {3},
	urldate = {2021-03-08},
	journal = {Opt. Express},
	author = {Johnson, Steven and Joannopoulos, John},
	month = jan,
	year = {2001},
	pages = {173},
	file = {Johnson_Joannopoulos_2001_Block-iterative frequency-domain methods for Maxwell's equations in a planewave.pdf:/home/tgg/Dropbox/zotero_attachments/Johnson_Joannopoulos_2001_Block-iterative frequency-domain methods for Maxwell's equations in a planewave.pdf:application/pdf;Submitted Version:/home/tgg/Zotero/storage/RZP4R9ZS/Johnson and Joannopoulos - 2001 - Block-iterative frequency-domain methods for Maxwe.pdf:application/pdf},
}

@article{joannopoulos_photonic_1997,
	title = {Photonic crystals: putting a new twist on light},
	volume = {386},
	issn = {0028-0836, 1476-4687},
	shorttitle = {Photonic crystals},
	url = {http://www.nature.com/articles/386143a0},
	doi = {10.1038/386143a0},
	language = {en},
	number = {6621},
	urldate = {2021-03-09},
	journal = {Nature},
	author = {Joannopoulos, J. D. and Villeneuve, Pierre R. and Fan, Shanhui},
	month = mar,
	year = {1997},
	pages = {143--149},
}

@book{ashcroft_solid_1976,
	address = {New York},
	title = {Solid state physics},
	isbn = {978-0-03-083993-1},
	publisher = {Holt, Rinehart and Winston},
	author = {Ashcroft, Neil W. and Mermin, N. David},
	year = {1976},
	keywords = {Solid state physics},
}
