
@article{guo_photonic_2004,
	title = {Photonic band gap analysis using finite-difference frequency-domain method},
	volume = {12},
	issn = {1094-4087},
	url = {https://www.osapublishing.org/oe/abstract.cfm?uri=oe-12-8-1741},
	doi = {10.1364/OPEX.12.001741},
	language = {en},
	number = {8},
	urldate = {2021-01-26},
	journal = {Optics Express},
	author = {Guo, Shangping and Wu, Feng and Albin, Sacharia and Rogowski, Robert S.},
	year = {2004},
	pages = {1741},
	file = {Guo et al_2004_Photonic band gap analysis using finite-difference frequency-domain method.pdf:/home/tgg/Dropbox/zotero_attachments/Guo et al_2004_Photonic band gap analysis using finite-difference frequency-domain method.pdf:application/pdf;Full Text:/home/tgg/Zotero/storage/3ITIQ6GY/Guo et al. - 2004 - Photonic band gap analysis using finite-difference.pdf:application/pdf},
}

@article{shaobin_fdtd_2006,
	title = {{FDTD} simulation for magnetized plasma photonic crystals},
	volume = {55},
	issn = {ISSN 1000-3290},
	url = {http://inis.iaea.org/Search/search.aspx?orig_q=RN:38061886},
	language = {Chinese},
	number = {3},
	urldate = {2021-01-26},
	journal = {Acta Physica Sinica},
	author = {Shaobin, Liu and Changqing, Gu and Jianjiang, Zhou and Naichang, Yuan},
	year = {2006},
	pages = {1283--1288},
	file = {Snapshot:/home/tgg/Zotero/storage/8FAYGRFZ/search.html:text/html},
}

@article{hanif_fdfd_2011,
	title = {{FDFD} and {FDTD} analysis of 2-{Dimensional} lossy photonic crystals},
	volume = {8},
	issn = {1349-2543},
	url = {http://joi.jlc.jst.go.jp/JST.JSTAGE/elex/8.695?from=CrossRef},
	doi = {10.1587/elex.8.695},
	language = {en},
	number = {9},
	urldate = {2021-01-26},
	journal = {IEICE Electronics Express},
	author = {Hanif, Amin Gul and Uno, Toru and Arima, Takuji},
	year = {2011},
	pages = {695--698},
	file = {Hanif et al_2011_FDFD and FDTD analysis of 2-Dimensional lossy photonic crystals.pdf:/home/tgg/Dropbox/zotero_attachments/Hanif et al_2011_FDFD and FDTD analysis of 2-Dimensional lossy photonic crystals.pdf:application/pdf;Full Text:/home/tgg/Zotero/storage/BDA96YX8/Hanif et al. - 2011 - FDFD and FDTD analysis of 2-Dimensional lossy phot.pdf:application/pdf},
}

@book{joannopoulos_photonic_2008,
	address = {Princeton},
	edition = {2nd ed},
	title = {Photonic crystals: molding the flow of light},
	isbn = {978-0-691-12456-8},
	shorttitle = {Photonic crystals},
	publisher = {Princeton University Press},
	editor = {Joannopoulos, J. D.},
	year = {2008},
	note = {OCLC: ocn180190957},
	keywords = {Crystal optics, Photons},
}

@misc{Lumerical_FDTD,
  title = {Lumerical FDTD Analysis Software},
  howpublished = {https://support.lumerical.com/hc/en-us/articles/360042039033-Bandstructure-of-planar-photonic-crystal-with-a-square-lattice-varFDTD-},
  note = {Acesso: 26-01-2021}
}
